%% This BibTeX bibliography file was created using BibDesk.
%% http://bibdesk.sourceforge.net/

%% Created for George Chapman at 2016-08-08 13:56:08 +0100 


%% Saved with string encoding Unicode (UTF-8) 



@article{20,
	Author = {M. Faraday},
	Date-Added = {2016-07-05 19:08:50 +0000},
	Date-Modified = {2016-07-05 19:10:43 +0000},
	Doi = {10.1098/rstl.1831.0018},
	Journal = {Philosophical Transactions of the Royal Society of London},
	Month = {Jan},
	Pages = {299-340},
	Title = {On a peculiar class of acoustical figures; and on certain forms assumed by groups of particles upon vibrating elastic surfaces},
	Volume = {121},
	Year = {1831},
	Bdsk-File-1 = {YnBsaXN0MDDUAQIDBAUGJCVYJHZlcnNpb25YJG9iamVjdHNZJGFyY2hpdmVyVCR0b3ASAAGGoKgHCBMUFRYaIVUkbnVsbNMJCgsMDxJXTlMua2V5c1pOUy5vYmplY3RzViRjbGFzc6INDoACgAOiEBGABIAFgAdccmVsYXRpdmVQYXRoWWFsaWFzRGF0YVYyMC5wZGbSFwsYGVdOUy5kYXRhTxECAgAAAAACAgACAAAMTWFjaW50b3NoIEhEAAAAAAAAAAAAAAAAAAAA0VMv3EgrAAAAolj4BjIwLnBkZgAAAAAAAAAAAAAAAAAAAAAAAAAAAAAAAAAAAAAAAAAAAAAAAAAAAAAAAAAAAAAAAAAAAAAAAAAAAADGkrPTocBDAAAAAAAAAAAAAQACAAAJIAAAAAAAAAAAAAAAAAAAAAZQYXBlcnMAEAAIAADRUyHMAAAAEQAIAADTobIzAAAAAQAkAKJY+ACA6FwAgOgJABIyzQASMsgAEjKpAAmKHgAJih0AApg3AAIAd01hY2ludG9zaCBIRDpVc2VyczoAZ2VvcmdlY2hhcG1hbjoARG9jdW1lbnRzOgBPbmVEcml2ZToARG9jdW1lbnRzOgBVbml2ZXJzaXR5OgBZZWFyIDQ6AE1hc3RlcnMgUHJvamVjdHM6AFBhcGVyczoAMjAucGRmAAAOAA4ABgAyADAALgBwAGQAZgAPABoADABNAGEAYwBpAG4AdABvAHMAaAAgAEgARAASAGFVc2Vycy9nZW9yZ2VjaGFwbWFuL0RvY3VtZW50cy9PbmVEcml2ZS9Eb2N1bWVudHMvVW5pdmVyc2l0eS9ZZWFyIDQvTWFzdGVycyBQcm9qZWN0cy9QYXBlcnMvMjAucGRmAAATAAEvAAAVAAIAFP//AACABtIbHB0eWiRjbGFzc25hbWVYJGNsYXNzZXNdTlNNdXRhYmxlRGF0YaMdHyBWTlNEYXRhWE5TT2JqZWN00hscIiNcTlNEaWN0aW9uYXJ5oiIgXxAPTlNLZXllZEFyY2hpdmVy0SYnVHJvb3SAAQAIABEAGgAjAC0AMgA3AEAARgBNAFUAYABnAGoAbABuAHEAcwB1AHcAhACOAJUAmgCiAqgCqgKvAroCwwLRAtUC3ALlAuoC9wL6AwwDDwMUAAAAAAAAAgEAAAAAAAAAKAAAAAAAAAAAAAAAAAAAAxY=},
	Bdsk-Url-1 = {http://dx.doi.org/10.1098/rstl.1831.0018}}

@article{11,
	Author = {Philip Ball},
	Date-Added = {2016-06-11 10:53:03 +0000},
	Date-Modified = {2016-06-11 10:54:03 +0000},
	Journal = {Nature},
	Pages = {272-274},
	Title = {The dawn of quantum biology},
	Volume = {474},
	Year = {2011},
	Bdsk-File-1 = {YnBsaXN0MDDUAQIDBAUGJCVYJHZlcnNpb25YJG9iamVjdHNZJGFyY2hpdmVyVCR0b3ASAAGGoKgHCBMUFRYaIVUkbnVsbNMJCgsMDxJXTlMua2V5c1pOUy5vYmplY3RzViRjbGFzc6INDoACgAOiEBGABIAFgAdccmVsYXRpdmVQYXRoWWFsaWFzRGF0YVYxMS5wZGbSFwsYGVdOUy5kYXRhTxECAgAAAAACAgACAAAMTWFjaW50b3NoIEhEAAAAAAAAAAAAAAAAAAAA0VMv3EgrAAAAolj4BjExLnBkZgAAAAAAAAAAAAAAAAAAAAAAAAAAAAAAAAAAAAAAAAAAAAAAAAAAAAAAAAAAAAAAAAAAAAAAAAAAAADD7kDTgaS7AAAAAAAAAAAAAQACAAAJIAAAAAAAAAAAAAAAAAAAAAZQYXBlcnMAEAAIAADRUyHMAAAAEQAIAADTgZarAAAAAQAkAKJY+ACA6FwAgOgJABIyzQASMsgAEjKpAAmKHgAJih0AApg3AAIAd01hY2ludG9zaCBIRDpVc2VyczoAZ2VvcmdlY2hhcG1hbjoARG9jdW1lbnRzOgBPbmVEcml2ZToARG9jdW1lbnRzOgBVbml2ZXJzaXR5OgBZZWFyIDQ6AE1hc3RlcnMgUHJvamVjdHM6AFBhcGVyczoAMTEucGRmAAAOAA4ABgAxADEALgBwAGQAZgAPABoADABNAGEAYwBpAG4AdABvAHMAaAAgAEgARAASAGFVc2Vycy9nZW9yZ2VjaGFwbWFuL0RvY3VtZW50cy9PbmVEcml2ZS9Eb2N1bWVudHMvVW5pdmVyc2l0eS9ZZWFyIDQvTWFzdGVycyBQcm9qZWN0cy9QYXBlcnMvMTEucGRmAAATAAEvAAAVAAIAFP//AACABtIbHB0eWiRjbGFzc25hbWVYJGNsYXNzZXNdTlNNdXRhYmxlRGF0YaMdHyBWTlNEYXRhWE5TT2JqZWN00hscIiNcTlNEaWN0aW9uYXJ5oiIgXxAPTlNLZXllZEFyY2hpdmVy0SYnVHJvb3SAAQAIABEAGgAjAC0AMgA3AEAARgBNAFUAYABnAGoAbABuAHEAcwB1AHcAhACOAJUAmgCiAqgCqgKvAroCwwLRAtUC3ALlAuoC9wL6AwwDDwMUAAAAAAAAAgEAAAAAAAAAKAAAAAAAAAAAAAAAAAAAAxY=}}

@article{1,
	Author = {Couder, Yves and Fort, Emmanuel},
	Date-Added = {2016-05-29 14:52:38 +0000},
	Date-Modified = {2016-05-29 14:52:38 +0000},
	Doi = {10.1103/PhysRevLett.97.154101},
	Issue = {15},
	Journal = {Phys. Rev. Lett.},
	Month = {Oct},
	Numpages = {4},
	Pages = {154101},
	Publisher = {American Physical Society},
	Title = {Single-Particle Diffraction and Interference at a Macroscopic Scale},
	Url = {http://link.aps.org/doi/10.1103/PhysRevLett.97.154101},
	Volume = {97},
	Year = {2006},
	Bdsk-File-1 = {YnBsaXN0MDDUAQIDBAUGJCVYJHZlcnNpb25YJG9iamVjdHNZJGFyY2hpdmVyVCR0b3ASAAGGoKgHCBMUFRYaIVUkbnVsbNMJCgsMDxJXTlMua2V5c1pOUy5vYmplY3RzViRjbGFzc6INDoACgAOiEBGABIAFgAdccmVsYXRpdmVQYXRoWWFsaWFzRGF0YVUxLnBkZtIXCxgZV05TLmRhdGFPEQH8AAAAAAH8AAIAAAxNYWNpbnRvc2ggSEQAAAAAAAAAAAAAAAAAAADRUy/cSCsAAACiWPgFMS5wZGYAAAAAAAAAAAAAAAAAAAAAAAAAAAAAAAAAAAAAAAAAAAAAAAAAAAAAAAAAAAAAAAAAAAAAAAAAAAAAAKJZLNMcrgIAAAAAAAAAAAABAAIAAAkgAAAAAAAAAAAAAAAAAAAABlBhcGVycwAQAAgAANFTIcwAAAARAAgAANMcrgIAAAABACQAolj4AIDoXACA6AkAEjLNABIyyAASMqkACYoeAAmKHQACmDcAAgB2TWFjaW50b3NoIEhEOlVzZXJzOgBnZW9yZ2VjaGFwbWFuOgBEb2N1bWVudHM6AE9uZURyaXZlOgBEb2N1bWVudHM6AFVuaXZlcnNpdHk6AFllYXIgNDoATWFzdGVycyBQcm9qZWN0czoAUGFwZXJzOgAxLnBkZgAOAAwABQAxAC4AcABkAGYADwAaAAwATQBhAGMAaQBuAHQAbwBzAGgAIABIAEQAEgBgVXNlcnMvZ2VvcmdlY2hhcG1hbi9Eb2N1bWVudHMvT25lRHJpdmUvRG9jdW1lbnRzL1VuaXZlcnNpdHkvWWVhciA0L01hc3RlcnMgUHJvamVjdHMvUGFwZXJzLzEucGRmABMAAS8AABUAAgAU//8AAIAG0hscHR5aJGNsYXNzbmFtZVgkY2xhc3Nlc11OU011dGFibGVEYXRhox0fIFZOU0RhdGFYTlNPYmplY3TSGxwiI1xOU0RpY3Rpb25hcnmiIiBfEA9OU0tleWVkQXJjaGl2ZXLRJidUcm9vdIABAAgAEQAaACMALQAyADcAQABGAE0AVQBgAGcAagBsAG4AcQBzAHUAdwCEAI4AlACZAKECoQKjAqgCswK8AsoCzgLVAt4C4wLwAvMDBQMIAw0AAAAAAAACAQAAAAAAAAAoAAAAAAAAAAAAAAAAAAADDw==},
	Bdsk-Url-1 = {http://link.aps.org/doi/10.1103/PhysRevLett.97.154101},
	Bdsk-Url-2 = {http://dx.doi.org/10.1103/PhysRevLett.97.154101}}

@article{2,
	Author = {Couder, Y. and Fort, E. and Gautier, C.-H. and Boudaoud, A.},
	Date-Added = {2016-06-03 17:21:21 +0000},
	Date-Modified = {2016-06-03 17:21:21 +0000},
	Doi = {10.1103/PhysRevLett.94.177801},
	Issue = {17},
	Journal = {Phys. Rev. Lett.},
	Month = {May},
	Numpages = {4},
	Pages = {177801},
	Publisher = {American Physical Society},
	Title = {From Bouncing to Floating: Noncoalescence of Drops on a Fluid Bath},
	Url = {http://link.aps.org/doi/10.1103/PhysRevLett.94.177801},
	Volume = {94},
	Year = {2005},
	Bdsk-File-1 = {YnBsaXN0MDDUAQIDBAUGJCVYJHZlcnNpb25YJG9iamVjdHNZJGFyY2hpdmVyVCR0b3ASAAGGoKgHCBMUFRYaIVUkbnVsbNMJCgsMDxJXTlMua2V5c1pOUy5vYmplY3RzViRjbGFzc6INDoACgAOiEBGABIAFgAdccmVsYXRpdmVQYXRoWWFsaWFzRGF0YVUyLnBkZtIXCxgZV05TLmRhdGFPEQH8AAAAAAH8AAIAAAxNYWNpbnRvc2ggSEQAAAAAAAAAAAAAAAAAAADRUy/cSCsAAACiWPgFMi5wZGYAAAAAAAAAAAAAAAAAAAAAAAAAAAAAAAAAAAAAAAAAAAAAAAAAAAAAAAAAAAAAAAAAAAAAAAAAAAAAALvC2dNwyjsAAAAAAAAAAAABAAIAAAkgAAAAAAAAAAAAAAAAAAAABlBhcGVycwAQAAgAANFTIcwAAAARAAgAANNwvCsAAAABACQAolj4AIDoXACA6AkAEjLNABIyyAASMqkACYoeAAmKHQACmDcAAgB2TWFjaW50b3NoIEhEOlVzZXJzOgBnZW9yZ2VjaGFwbWFuOgBEb2N1bWVudHM6AE9uZURyaXZlOgBEb2N1bWVudHM6AFVuaXZlcnNpdHk6AFllYXIgNDoATWFzdGVycyBQcm9qZWN0czoAUGFwZXJzOgAyLnBkZgAOAAwABQAyAC4AcABkAGYADwAaAAwATQBhAGMAaQBuAHQAbwBzAGgAIABIAEQAEgBgVXNlcnMvZ2VvcmdlY2hhcG1hbi9Eb2N1bWVudHMvT25lRHJpdmUvRG9jdW1lbnRzL1VuaXZlcnNpdHkvWWVhciA0L01hc3RlcnMgUHJvamVjdHMvUGFwZXJzLzIucGRmABMAAS8AABUAAgAU//8AAIAG0hscHR5aJGNsYXNzbmFtZVgkY2xhc3Nlc11OU011dGFibGVEYXRhox0fIFZOU0RhdGFYTlNPYmplY3TSGxwiI1xOU0RpY3Rpb25hcnmiIiBfEA9OU0tleWVkQXJjaGl2ZXLRJidUcm9vdIABAAgAEQAaACMALQAyADcAQABGAE0AVQBgAGcAagBsAG4AcQBzAHUAdwCEAI4AlACZAKECoQKjAqgCswK8AsoCzgLVAt4C4wLwAvMDBQMIAw0AAAAAAAACAQAAAAAAAAAoAAAAAAAAAAAAAAAAAAADDw==},
	Bdsk-Url-1 = {http://link.aps.org/doi/10.1103/PhysRevLett.94.177801},
	Bdsk-Url-2 = {http://dx.doi.org/10.1103/PhysRevLett.94.177801}}

@article{3,
	Author = {Gilet, T. and Terwagne, D. and Vandewalle, N. and Dorbolo, S.},
	Doi = {10.1103/PhysRevLett.100.167802},
	Issue = {16},
	Journal = {Phys. Rev. Lett.},
	Month = {Apr},
	Numpages = {4},
	Pages = {167802},
	Publisher = {American Physical Society},
	Title = {Dynamics of a Bouncing Droplet onto a Vertically Vibrated Interface},
	Url = {http://link.aps.org/doi/10.1103/PhysRevLett.100.167802},
	Volume = {100},
	Year = {2008},
	Bdsk-File-1 = {YnBsaXN0MDDUAQIDBAUGJCVYJHZlcnNpb25YJG9iamVjdHNZJGFyY2hpdmVyVCR0b3ASAAGGoKgHCBMUFRYaIVUkbnVsbNMJCgsMDxJXTlMua2V5c1pOUy5vYmplY3RzViRjbGFzc6INDoACgAOiEBGABIAFgAdccmVsYXRpdmVQYXRoWWFsaWFzRGF0YVUzLnBkZtIXCxgZV05TLmRhdGFPEQH8AAAAAAH8AAIAAAxNYWNpbnRvc2ggSEQAAAAAAAAAAAAAAAAAAADRUy/cSCsAAACiWPgFMy5wZGYAAAAAAAAAAAAAAAAAAAAAAAAAAAAAAAAAAAAAAAAAAAAAAAAAAAAAAAAAAAAAAAAAAAAAAAAAAAAAALypC9N4rqUAAAAAAAAAAAABAAIAAAkgAAAAAAAAAAAAAAAAAAAABlBhcGVycwAQAAgAANFTIcwAAAARAAgAANN4oJUAAAABACQAolj4AIDoXACA6AkAEjLNABIyyAASMqkACYoeAAmKHQACmDcAAgB2TWFjaW50b3NoIEhEOlVzZXJzOgBnZW9yZ2VjaGFwbWFuOgBEb2N1bWVudHM6AE9uZURyaXZlOgBEb2N1bWVudHM6AFVuaXZlcnNpdHk6AFllYXIgNDoATWFzdGVycyBQcm9qZWN0czoAUGFwZXJzOgAzLnBkZgAOAAwABQAzAC4AcABkAGYADwAaAAwATQBhAGMAaQBuAHQAbwBzAGgAIABIAEQAEgBgVXNlcnMvZ2VvcmdlY2hhcG1hbi9Eb2N1bWVudHMvT25lRHJpdmUvRG9jdW1lbnRzL1VuaXZlcnNpdHkvWWVhciA0L01hc3RlcnMgUHJvamVjdHMvUGFwZXJzLzMucGRmABMAAS8AABUAAgAU//8AAIAG0hscHR5aJGNsYXNzbmFtZVgkY2xhc3Nlc11OU011dGFibGVEYXRhox0fIFZOU0RhdGFYTlNPYmplY3TSGxwiI1xOU0RpY3Rpb25hcnmiIiBfEA9OU0tleWVkQXJjaGl2ZXLRJidUcm9vdIABAAgAEQAaACMALQAyADcAQABGAE0AVQBgAGcAagBsAG4AcQBzAHUAdwCEAI4AlACZAKECoQKjAqgCswK8AsoCzgLVAt4C4wLwAvMDBQMIAw0AAAAAAAACAQAAAAAAAAAoAAAAAAAAAAAAAAAAAAADDw==},
	Bdsk-Url-1 = {http://link.aps.org/doi/10.1103/PhysRevLett.100.167802},
	Bdsk-Url-2 = {http://dx.doi.org/10.1103/PhysRevLett.100.167802}}

@article{4,
	Author = {Andersen, Anders and Madsen, Jacob and Reichelt, Christian and Rosenlund Ahl, Sonja and Lautrup, Benny and Ellegaard, Clive and Levinsen, Mogens T. and Bohr, Tomas},
	Doi = {10.1103/PhysRevE.92.013006},
	Issue = {1},
	Journal = {Phys. Rev. E},
	Month = {Jul},
	Numpages = {14},
	Pages = {013006},
	Publisher = {American Physical Society},
	Title = {Double-slit experiment with single wave-driven particles and its relation to quantum mechanics},
	Url = {http://link.aps.org/doi/10.1103/PhysRevE.92.013006},
	Volume = {92},
	Year = {2015},
	Bdsk-File-1 = {YnBsaXN0MDDUAQIDBAUGJCVYJHZlcnNpb25YJG9iamVjdHNZJGFyY2hpdmVyVCR0b3ASAAGGoKgHCBMUFRYaIVUkbnVsbNMJCgsMDxJXTlMua2V5c1pOUy5vYmplY3RzViRjbGFzc6INDoACgAOiEBGABIAFgAdccmVsYXRpdmVQYXRoWWFsaWFzRGF0YVU0LnBkZtIXCxgZV05TLmRhdGFPEQH8AAAAAAH8AAIAAAxNYWNpbnRvc2ggSEQAAAAAAAAAAAAAAAAAAADRUy/cSCsAAACiWPgFNC5wZGYAAAAAAAAAAAAAAAAAAAAAAAAAAAAAAAAAAAAAAAAAAAAAAAAAAAAAAAAAAAAAAAAAAAAAAAAAAAAAALsAFtNnhVcAAAAAAAAAAAABAAIAAAkgAAAAAAAAAAAAAAAAAAAABlBhcGVycwAQAAgAANFTIcwAAAARAAgAANNnd0cAAAABACQAolj4AIDoXACA6AkAEjLNABIyyAASMqkACYoeAAmKHQACmDcAAgB2TWFjaW50b3NoIEhEOlVzZXJzOgBnZW9yZ2VjaGFwbWFuOgBEb2N1bWVudHM6AE9uZURyaXZlOgBEb2N1bWVudHM6AFVuaXZlcnNpdHk6AFllYXIgNDoATWFzdGVycyBQcm9qZWN0czoAUGFwZXJzOgA0LnBkZgAOAAwABQA0AC4AcABkAGYADwAaAAwATQBhAGMAaQBuAHQAbwBzAGgAIABIAEQAEgBgVXNlcnMvZ2VvcmdlY2hhcG1hbi9Eb2N1bWVudHMvT25lRHJpdmUvRG9jdW1lbnRzL1VuaXZlcnNpdHkvWWVhciA0L01hc3RlcnMgUHJvamVjdHMvUGFwZXJzLzQucGRmABMAAS8AABUAAgAU//8AAIAG0hscHR5aJGNsYXNzbmFtZVgkY2xhc3Nlc11OU011dGFibGVEYXRhox0fIFZOU0RhdGFYTlNPYmplY3TSGxwiI1xOU0RpY3Rpb25hcnmiIiBfEA9OU0tleWVkQXJjaGl2ZXLRJidUcm9vdIABAAgAEQAaACMALQAyADcAQABGAE0AVQBgAGcAagBsAG4AcQBzAHUAdwCEAI4AlACZAKECoQKjAqgCswK8AsoCzgLVAt4C4wLwAvMDBQMIAw0AAAAAAAACAQAAAAAAAAAoAAAAAAAAAAAAAAAAAAADDw==},
	Bdsk-Url-1 = {http://link.aps.org/doi/10.1103/PhysRevE.92.013006},
	Bdsk-Url-2 = {http://dx.doi.org/10.1103/PhysRevE.92.013006}}

@article{5,
	Annote = {10.1038/437208a},
	Author = {Couder, Y. and Protiere, S. and Fort, E. and Boudaoud, A.},
	Date = {2005/09/08/print},
	Date-Added = {2016-06-03 17:18:40 +0000},
	Date-Modified = {2016-06-03 17:18:40 +0000},
	Day = {08},
	Isbn = {0028-0836},
	Journal = {Nature},
	L3 = {http://www.nature.com/nature/journal/v437/n7056/suppinfo/437208a_S1.html},
	M3 = {10.1038/437208a},
	Month = {09},
	Number = {7056},
	Pages = {208--208},
	Title = {Dynamical phenomena: Walking and orbiting droplets},
	Ty = {JOUR},
	Url = {http://dx.doi.org/10.1038/437208a},
	Volume = {437},
	Year = {2005},
	Bdsk-File-1 = {YnBsaXN0MDDUAQIDBAUGJCVYJHZlcnNpb25YJG9iamVjdHNZJGFyY2hpdmVyVCR0b3ASAAGGoKgHCBMUFRYaIVUkbnVsbNMJCgsMDxJXTlMua2V5c1pOUy5vYmplY3RzViRjbGFzc6INDoACgAOiEBGABIAFgAdccmVsYXRpdmVQYXRoWWFsaWFzRGF0YVU1LnBkZtIXCxgZV05TLmRhdGFPEQH8AAAAAAH8AAIAAAxNYWNpbnRvc2ggSEQAAAAAAAAAAAAAAAAAAADRUy/cSCsAAACiWPgFNS5wZGYAAAAAAAAAAAAAAAAAAAAAAAAAAAAAAAAAAAAAAAAAAAAAAAAAAAAAAAAAAAAAAAAAAAAAAAAAAAAAALyrWNN4scoAAAAAAAAAAAABAAIAAAkgAAAAAAAAAAAAAAAAAAAABlBhcGVycwAQAAgAANFTIcwAAAARAAgAANN4o7oAAAABACQAolj4AIDoXACA6AkAEjLNABIyyAASMqkACYoeAAmKHQACmDcAAgB2TWFjaW50b3NoIEhEOlVzZXJzOgBnZW9yZ2VjaGFwbWFuOgBEb2N1bWVudHM6AE9uZURyaXZlOgBEb2N1bWVudHM6AFVuaXZlcnNpdHk6AFllYXIgNDoATWFzdGVycyBQcm9qZWN0czoAUGFwZXJzOgA1LnBkZgAOAAwABQA1AC4AcABkAGYADwAaAAwATQBhAGMAaQBuAHQAbwBzAGgAIABIAEQAEgBgVXNlcnMvZ2VvcmdlY2hhcG1hbi9Eb2N1bWVudHMvT25lRHJpdmUvRG9jdW1lbnRzL1VuaXZlcnNpdHkvWWVhciA0L01hc3RlcnMgUHJvamVjdHMvUGFwZXJzLzUucGRmABMAAS8AABUAAgAU//8AAIAG0hscHR5aJGNsYXNzbmFtZVgkY2xhc3Nlc11OU011dGFibGVEYXRhox0fIFZOU0RhdGFYTlNPYmplY3TSGxwiI1xOU0RpY3Rpb25hcnmiIiBfEA9OU0tleWVkQXJjaGl2ZXLRJidUcm9vdIABAAgAEQAaACMALQAyADcAQABGAE0AVQBgAGcAagBsAG4AcQBzAHUAdwCEAI4AlACZAKECoQKjAqgCswK8AsoCzgLVAt4C4wLwAvMDBQMIAw0AAAAAAAACAQAAAAAAAAAoAAAAAAAAAAAAAAAAAAADDw==},
	Bdsk-Url-1 = {http://dx.doi.org/10.1038/437208a}}

@article{6,
	Author = {Eddi, A. and Moukhtar, J. and Perrard, S. and Fort, E. and Couder, Y.},
	Doi = {10.1103/PhysRevLett.108.264503},
	Issue = {26},
	Journal = {Phys. Rev. Lett.},
	Month = {Jun},
	Numpages = {4},
	Pages = {264503},
	Publisher = {American Physical Society},
	Title = {Level Splitting at Macroscopic Scale},
	Url = {http://link.aps.org/doi/10.1103/PhysRevLett.108.264503},
	Volume = {108},
	Year = {2012},
	Bdsk-File-1 = {YnBsaXN0MDDUAQIDBAUGJCVYJHZlcnNpb25YJG9iamVjdHNZJGFyY2hpdmVyVCR0b3ASAAGGoKgHCBMUFRYaIVUkbnVsbNMJCgsMDxJXTlMua2V5c1pOUy5vYmplY3RzViRjbGFzc6INDoACgAOiEBGABIAFgAdccmVsYXRpdmVQYXRoWWFsaWFzRGF0YVU2LnBkZtIXCxgZV05TLmRhdGFPEQH8AAAAAAH8AAIAAAxNYWNpbnRvc2ggSEQAAAAAAAAAAAAAAAAAAADRUy/cSCsAAACiWPgFNi5wZGYAAAAAAAAAAAAAAAAAAAAAAAAAAAAAAAAAAAAAAAAAAAAAAAAAAAAAAAAAAAAAAAAAAAAAAAAAAAAAALzZENN4zkEAAAAAAAAAAAABAAIAAAkgAAAAAAAAAAAAAAAAAAAABlBhcGVycwAQAAgAANFTIcwAAAARAAgAANN4wDEAAAABACQAolj4AIDoXACA6AkAEjLNABIyyAASMqkACYoeAAmKHQACmDcAAgB2TWFjaW50b3NoIEhEOlVzZXJzOgBnZW9yZ2VjaGFwbWFuOgBEb2N1bWVudHM6AE9uZURyaXZlOgBEb2N1bWVudHM6AFVuaXZlcnNpdHk6AFllYXIgNDoATWFzdGVycyBQcm9qZWN0czoAUGFwZXJzOgA2LnBkZgAOAAwABQA2AC4AcABkAGYADwAaAAwATQBhAGMAaQBuAHQAbwBzAGgAIABIAEQAEgBgVXNlcnMvZ2VvcmdlY2hhcG1hbi9Eb2N1bWVudHMvT25lRHJpdmUvRG9jdW1lbnRzL1VuaXZlcnNpdHkvWWVhciA0L01hc3RlcnMgUHJvamVjdHMvUGFwZXJzLzYucGRmABMAAS8AABUAAgAU//8AAIAG0hscHR5aJGNsYXNzbmFtZVgkY2xhc3Nlc11OU011dGFibGVEYXRhox0fIFZOU0RhdGFYTlNPYmplY3TSGxwiI1xOU0RpY3Rpb25hcnmiIiBfEA9OU0tleWVkQXJjaGl2ZXLRJidUcm9vdIABAAgAEQAaACMALQAyADcAQABGAE0AVQBgAGcAagBsAG4AcQBzAHUAdwCEAI4AlACZAKECoQKjAqgCswK8AsoCzgLVAt4C4wLwAvMDBQMIAw0AAAAAAAACAQAAAAAAAAAoAAAAAAAAAAAAAAAAAAADDw==},
	Bdsk-Url-1 = {http://link.aps.org/doi/10.1103/PhysRevLett.108.264503},
	Bdsk-Url-2 = {http://dx.doi.org/10.1103/PhysRevLett.108.264503}}

@article{7,
	Author = {Eddi, A. and Fort, E. and Moisy, F. and Couder, Y.},
	Doi = {10.1103/PhysRevLett.102.240401},
	Issue = {24},
	Journal = {Phys. Rev. Lett.},
	Month = {Jun},
	Numpages = {4},
	Pages = {240401},
	Publisher = {American Physical Society},
	Title = {Unpredictable Tunneling of a Classical Wave-Particle Association},
	Url = {http://link.aps.org/doi/10.1103/PhysRevLett.102.240401},
	Volume = {102},
	Year = {2009},
	Bdsk-File-1 = {YnBsaXN0MDDUAQIDBAUGJCVYJHZlcnNpb25YJG9iamVjdHNZJGFyY2hpdmVyVCR0b3ASAAGGoKgHCBMUFRYaIVUkbnVsbNMJCgsMDxJXTlMua2V5c1pOUy5vYmplY3RzViRjbGFzc6INDoACgAOiEBGABIAFgAdccmVsYXRpdmVQYXRoWWFsaWFzRGF0YVU3LnBkZtIXCxgZV05TLmRhdGFPEQH8AAAAAAH8AAIAAAxNYWNpbnRvc2ggSEQAAAAAAAAAAAAAAAAAAADRUy/cSCsAAACiWPgFNy5wZGYAAAAAAAAAAAAAAAAAAAAAAAAAAAAAAAAAAAAAAAAAAAAAAAAAAAAAAAAAAAAAAAAAAAAAAAAAAAAAAL1SZNN50bUAAAAAAAAAAAABAAIAAAkgAAAAAAAAAAAAAAAAAAAABlBhcGVycwAQAAgAANFTIcwAAAARAAgAANN5w6UAAAABACQAolj4AIDoXACA6AkAEjLNABIyyAASMqkACYoeAAmKHQACmDcAAgB2TWFjaW50b3NoIEhEOlVzZXJzOgBnZW9yZ2VjaGFwbWFuOgBEb2N1bWVudHM6AE9uZURyaXZlOgBEb2N1bWVudHM6AFVuaXZlcnNpdHk6AFllYXIgNDoATWFzdGVycyBQcm9qZWN0czoAUGFwZXJzOgA3LnBkZgAOAAwABQA3AC4AcABkAGYADwAaAAwATQBhAGMAaQBuAHQAbwBzAGgAIABIAEQAEgBgVXNlcnMvZ2VvcmdlY2hhcG1hbi9Eb2N1bWVudHMvT25lRHJpdmUvRG9jdW1lbnRzL1VuaXZlcnNpdHkvWWVhciA0L01hc3RlcnMgUHJvamVjdHMvUGFwZXJzLzcucGRmABMAAS8AABUAAgAU//8AAIAG0hscHR5aJGNsYXNzbmFtZVgkY2xhc3Nlc11OU011dGFibGVEYXRhox0fIFZOU0RhdGFYTlNPYmplY3TSGxwiI1xOU0RpY3Rpb25hcnmiIiBfEA9OU0tleWVkQXJjaGl2ZXLRJidUcm9vdIABAAgAEQAaACMALQAyADcAQABGAE0AVQBgAGcAagBsAG4AcQBzAHUAdwCEAI4AlACZAKECoQKjAqgCswK8AsoCzgLVAt4C4wLwAvMDBQMIAw0AAAAAAAACAQAAAAAAAAAoAAAAAAAAAAAAAAAAAAADDw==},
	Bdsk-Url-1 = {http://link.aps.org/doi/10.1103/PhysRevLett.102.240401},
	Bdsk-Url-2 = {http://dx.doi.org/10.1103/PhysRevLett.102.240401}}

@article{8,
	Author = {Eddi,Antonin and Sultan,Eric and Moukhtar,Julien and Fort,Emmanuel and Rossi,Maurice and Couder,Yves},
	Doi = {10.1017/S0022112011000176},
	Issn = {1469-7645},
	Journal = {Journal of Fluid Mechanics},
	Month = {5},
	Numpages = {31},
	Pages = {433--463},
	Title = {Information stored in Faraday waves: the origin of a path memory},
	Url = {http://journals.cambridge.org/article_S0022112011000176},
	Volume = {674},
	Year = {2011},
	Bdsk-File-1 = {YnBsaXN0MDDUAQIDBAUGJCVYJHZlcnNpb25YJG9iamVjdHNZJGFyY2hpdmVyVCR0b3ASAAGGoKgHCBMUFRYaIVUkbnVsbNMJCgsMDxJXTlMua2V5c1pOUy5vYmplY3RzViRjbGFzc6INDoACgAOiEBGABIAFgAdccmVsYXRpdmVQYXRoWWFsaWFzRGF0YVU4LnBkZtIXCxgZV05TLmRhdGFPEQH8AAAAAAH8AAIAAAxNYWNpbnRvc2ggSEQAAAAAAAAAAAAAAAAAAADRUy/cSCsAAACiWPgFOC5wZGYAAAAAAAAAAAAAAAAAAAAAAAAAAAAAAAAAAAAAAAAAAAAAAAAAAAAAAAAAAAAAAAAAAAAAAAAAAAAAAL1mitN56qMAAAAAAAAAAAABAAIAAAkgAAAAAAAAAAAAAAAAAAAABlBhcGVycwAQAAgAANFTIcwAAAARAAgAANN53JMAAAABACQAolj4AIDoXACA6AkAEjLNABIyyAASMqkACYoeAAmKHQACmDcAAgB2TWFjaW50b3NoIEhEOlVzZXJzOgBnZW9yZ2VjaGFwbWFuOgBEb2N1bWVudHM6AE9uZURyaXZlOgBEb2N1bWVudHM6AFVuaXZlcnNpdHk6AFllYXIgNDoATWFzdGVycyBQcm9qZWN0czoAUGFwZXJzOgA4LnBkZgAOAAwABQA4AC4AcABkAGYADwAaAAwATQBhAGMAaQBuAHQAbwBzAGgAIABIAEQAEgBgVXNlcnMvZ2VvcmdlY2hhcG1hbi9Eb2N1bWVudHMvT25lRHJpdmUvRG9jdW1lbnRzL1VuaXZlcnNpdHkvWWVhciA0L01hc3RlcnMgUHJvamVjdHMvUGFwZXJzLzgucGRmABMAAS8AABUAAgAU//8AAIAG0hscHR5aJGNsYXNzbmFtZVgkY2xhc3Nlc11OU011dGFibGVEYXRhox0fIFZOU0RhdGFYTlNPYmplY3TSGxwiI1xOU0RpY3Rpb25hcnmiIiBfEA9OU0tleWVkQXJjaGl2ZXLRJidUcm9vdIABAAgAEQAaACMALQAyADcAQABGAE0AVQBgAGcAagBsAG4AcQBzAHUAdwCEAI4AlACZAKECoQKjAqgCswK8AsoCzgLVAt4C4wLwAvMDBQMIAw0AAAAAAAACAQAAAAAAAAAoAAAAAAAAAAAAAAAAAAADDw==},
	Bdsk-Url-1 = {http://journals.cambridge.org/article_S0022112011000176},
	Bdsk-Url-2 = {http://dx.doi.org/10.1017/S0022112011000176}}

@article{9,
	Author = {Proti{\`e}re,Suzie and Boudaoud,Arezki and Couder,Yves},
	Doi = {10.1017/S0022112006009190},
	Issn = {1469-7645},
	Journal = {Journal of Fluid Mechanics},
	Month = {5},
	Numpages = {24},
	Pages = {85--108},
	Title = {Particle--wave association on a fluid interface},
	Url = {http://journals.cambridge.org/article_S0022112006009190},
	Volume = {554},
	Year = {2006},
	Bdsk-File-1 = {YnBsaXN0MDDUAQIDBAUGJCVYJHZlcnNpb25YJG9iamVjdHNZJGFyY2hpdmVyVCR0b3ASAAGGoKgHCBMUFRYaIVUkbnVsbNMJCgsMDxJXTlMua2V5c1pOUy5vYmplY3RzViRjbGFzc6INDoACgAOiEBGABIAFgAdccmVsYXRpdmVQYXRoWWFsaWFzRGF0YVU5LnBkZtIXCxgZV05TLmRhdGFPEQH8AAAAAAH8AAIAAAxNYWNpbnRvc2ggSEQAAAAAAAAAAAAAAAAAAADRUy/cSCsAAACiWPgFOS5wZGYAAAAAAAAAAAAAAAAAAAAAAAAAAAAAAAAAAAAAAAAAAAAAAAAAAAAAAAAAAAAAAAAAAAAAAAAAAAAAAL1yWdN59dMAAAAAAAAAAAABAAIAAAkgAAAAAAAAAAAAAAAAAAAABlBhcGVycwAQAAgAANFTIcwAAAARAAgAANN558MAAAABACQAolj4AIDoXACA6AkAEjLNABIyyAASMqkACYoeAAmKHQACmDcAAgB2TWFjaW50b3NoIEhEOlVzZXJzOgBnZW9yZ2VjaGFwbWFuOgBEb2N1bWVudHM6AE9uZURyaXZlOgBEb2N1bWVudHM6AFVuaXZlcnNpdHk6AFllYXIgNDoATWFzdGVycyBQcm9qZWN0czoAUGFwZXJzOgA5LnBkZgAOAAwABQA5AC4AcABkAGYADwAaAAwATQBhAGMAaQBuAHQAbwBzAGgAIABIAEQAEgBgVXNlcnMvZ2VvcmdlY2hhcG1hbi9Eb2N1bWVudHMvT25lRHJpdmUvRG9jdW1lbnRzL1VuaXZlcnNpdHkvWWVhciA0L01hc3RlcnMgUHJvamVjdHMvUGFwZXJzLzkucGRmABMAAS8AABUAAgAU//8AAIAG0hscHR5aJGNsYXNzbmFtZVgkY2xhc3Nlc11OU011dGFibGVEYXRhox0fIFZOU0RhdGFYTlNPYmplY3TSGxwiI1xOU0RpY3Rpb25hcnmiIiBfEA9OU0tleWVkQXJjaGl2ZXLRJidUcm9vdIABAAgAEQAaACMALQAyADcAQABGAE0AVQBgAGcAagBsAG4AcQBzAHUAdwCEAI4AlACZAKECoQKjAqgCswK8AsoCzgLVAt4C4wLwAvMDBQMIAw0AAAAAAAACAQAAAAAAAAAoAAAAAAAAAAAAAAAAAAADDw==},
	Bdsk-Url-1 = {http://journals.cambridge.org/article_S0022112006009190},
	Bdsk-Url-2 = {http://dx.doi.org/10.1017/S0022112006009190}}

@article{10,
	Abstract = {A droplet bouncing on a liquid bath can self-propel due to its interaction with the waves it generates. The resulting ``walker'' is a dynamical association where, at a macroscopic scale, a particle (the droplet) is driven by a pilot-wave field. A specificity of this system is that the wave field itself results from the superposition of the waves generated at the points of space recently visited by the particle. It thus contains a memory of the past trajectory of the particle. Here, we investigate the response of this object to forces orthogonal to its motion. We find that the resulting closed orbits present a spontaneous quantization. This is observed only when the memory of the system is long enough for the particle to interact with the wave sources distributed along the whole orbit. An additional force then limits the possible orbits to a discrete set. The wave-sustained path memory is thus demonstrated to generate a quantization of angular momentum. Because a quantum-like uncertainty was also observed recently in these systems, the nonlocality generated by path memory opens new perspectives.},
	Author = {Fort, Emmanuel and Eddi, Antonin and Boudaoud, Arezki and Moukhtar, Julien and Couder, Yves},
	Doi = {10.1073/pnas.1007386107},
	Eprint = {http://0-www.pnas.org.lib.exeter.ac.uk/content/107/41/17515.full.pdf},
	Journal = {Proceedings of the National Academy of Sciences},
	Number = {41},
	Pages = {17515-17520},
	Title = {Path-memory induced quantization of classical orbits},
	Url = {http://0-www.pnas.org.lib.exeter.ac.uk/content/107/41/17515.abstract},
	Volume = {107},
	Year = {2010},
	Bdsk-File-1 = {YnBsaXN0MDDUAQIDBAUGJCVYJHZlcnNpb25YJG9iamVjdHNZJGFyY2hpdmVyVCR0b3ASAAGGoKgHCBMUFRYaIVUkbnVsbNMJCgsMDxJXTlMua2V5c1pOUy5vYmplY3RzViRjbGFzc6INDoACgAOiEBGABIAFgAdccmVsYXRpdmVQYXRoWWFsaWFzRGF0YVYxMC5wZGbSFwsYGVdOUy5kYXRhTxECAgAAAAACAgACAAAMTWFjaW50b3NoIEhEAAAAAAAAAAAAAAAAAAAA0VMv3EgrAAAAolj4BjEwLnBkZgAAAAAAAAAAAAAAAAAAAAAAAAAAAAAAAAAAAAAAAAAAAAAAAAAAAAAAAAAAAAAAAAAAAAAAAAAAAAC9eenTefuDAAAAAAAAAAAAAQACAAAJIAAAAAAAAAAAAAAAAAAAAAZQYXBlcnMAEAAIAADRUyHMAAAAEQAIAADTee1zAAAAAQAkAKJY+ACA6FwAgOgJABIyzQASMsgAEjKpAAmKHgAJih0AApg3AAIAd01hY2ludG9zaCBIRDpVc2VyczoAZ2VvcmdlY2hhcG1hbjoARG9jdW1lbnRzOgBPbmVEcml2ZToARG9jdW1lbnRzOgBVbml2ZXJzaXR5OgBZZWFyIDQ6AE1hc3RlcnMgUHJvamVjdHM6AFBhcGVyczoAMTAucGRmAAAOAA4ABgAxADAALgBwAGQAZgAPABoADABNAGEAYwBpAG4AdABvAHMAaAAgAEgARAASAGFVc2Vycy9nZW9yZ2VjaGFwbWFuL0RvY3VtZW50cy9PbmVEcml2ZS9Eb2N1bWVudHMvVW5pdmVyc2l0eS9ZZWFyIDQvTWFzdGVycyBQcm9qZWN0cy9QYXBlcnMvMTAucGRmAAATAAEvAAAVAAIAFP//AACABtIbHB0eWiRjbGFzc25hbWVYJGNsYXNzZXNdTlNNdXRhYmxlRGF0YaMdHyBWTlNEYXRhWE5TT2JqZWN00hscIiNcTlNEaWN0aW9uYXJ5oiIgXxAPTlNLZXllZEFyY2hpdmVy0SYnVHJvb3SAAQAIABEAGgAjAC0AMgA3AEAARgBNAFUAYABnAGoAbABuAHEAcwB1AHcAhACOAJUAmgCiAqgCqgKvAroCwwLRAtUC3ALlAuoC9wL6AwwDDwMUAAAAAAAAAgEAAAAAAAAAKAAAAAAAAAAAAAAAAAAAAxY=},
	Bdsk-Url-1 = {http://0-www.pnas.org.lib.exeter.ac.uk/content/107/41/17515.abstract},
	Bdsk-Url-2 = {http://dx.doi.org/10.1073/pnas.1007386107}}

@article{12,
	Author = {Harris, Daniel M. and Moukhtar, Julien and Fort, Emmanuel and Couder, Yves and Bush, John W. M.},
	Doi = {10.1103/PhysRevE.88.011001},
	Issue = {1},
	Journal = {Phys. Rev. E},
	Month = {Jul},
	Numpages = {5},
	Pages = {011001},
	Publisher = {American Physical Society},
	Title = {Wavelike statistics from pilot-wave dynamics in a circular corral},
	Url = {http://link.aps.org/doi/10.1103/PhysRevE.88.011001},
	Volume = {88},
	Year = {2013},
	Bdsk-File-1 = {YnBsaXN0MDDUAQIDBAUGJCVYJHZlcnNpb25YJG9iamVjdHNZJGFyY2hpdmVyVCR0b3ASAAGGoKgHCBMUFRYaIVUkbnVsbNMJCgsMDxJXTlMua2V5c1pOUy5vYmplY3RzViRjbGFzc6INDoACgAOiEBGABIAFgAdccmVsYXRpdmVQYXRoWWFsaWFzRGF0YVYxMi5wZGbSFwsYGVdOUy5kYXRhTxECAgAAAAACAgACAAAMTWFjaW50b3NoIEhEAAAAAAAAAAAAAAAAAAAA0VMv3EgrAAAAolj4BjEyLnBkZgAAAAAAAAAAAAAAAAAAAAAAAAAAAAAAAAAAAAAAAAAAAAAAAAAAAAAAAAAAAAAAAAAAAAAAAAAAAADCWl3TjHVFAAAAAAAAAAAAAQACAAAJIAAAAAAAAAAAAAAAAAAAAAZQYXBlcnMAEAAIAADRUyHMAAAAEQAIAADTjGc1AAAAAQAkAKJY+ACA6FwAgOgJABIyzQASMsgAEjKpAAmKHgAJih0AApg3AAIAd01hY2ludG9zaCBIRDpVc2VyczoAZ2VvcmdlY2hhcG1hbjoARG9jdW1lbnRzOgBPbmVEcml2ZToARG9jdW1lbnRzOgBVbml2ZXJzaXR5OgBZZWFyIDQ6AE1hc3RlcnMgUHJvamVjdHM6AFBhcGVyczoAMTIucGRmAAAOAA4ABgAxADIALgBwAGQAZgAPABoADABNAGEAYwBpAG4AdABvAHMAaAAgAEgARAASAGFVc2Vycy9nZW9yZ2VjaGFwbWFuL0RvY3VtZW50cy9PbmVEcml2ZS9Eb2N1bWVudHMvVW5pdmVyc2l0eS9ZZWFyIDQvTWFzdGVycyBQcm9qZWN0cy9QYXBlcnMvMTIucGRmAAATAAEvAAAVAAIAFP//AACABtIbHB0eWiRjbGFzc25hbWVYJGNsYXNzZXNdTlNNdXRhYmxlRGF0YaMdHyBWTlNEYXRhWE5TT2JqZWN00hscIiNcTlNEaWN0aW9uYXJ5oiIgXxAPTlNLZXllZEFyY2hpdmVy0SYnVHJvb3SAAQAIABEAGgAjAC0AMgA3AEAARgBNAFUAYABnAGoAbABuAHEAcwB1AHcAhACOAJUAmgCiAqgCqgKvAroCwwLRAtUC3ALlAuoC9wL6AwwDDwMUAAAAAAAAAgEAAAAAAAAAKAAAAAAAAAAAAAAAAAAAAxY=},
	Bdsk-Url-1 = {http://link.aps.org/doi/10.1103/PhysRevE.88.011001},
	Bdsk-Url-2 = {http://dx.doi.org/10.1103/PhysRevE.88.011001}}

@article{13,
	Author = {Chen, Peilong and Vi\~nals, Jorge},
	Doi = {10.1103/PhysRevLett.79.2670},
	Issue = {14},
	Journal = {Phys. Rev. Lett.},
	Month = {Oct},
	Numpages = {0},
	Pages = {2670--2673},
	Publisher = {American Physical Society},
	Title = {Pattern Selection in Faraday Waves},
	Url = {http://0-link.aps.org.lib.exeter.ac.uk/doi/10.1103/PhysRevLett.79.2670},
	Volume = {79},
	Year = {1997},
	Bdsk-File-1 = {YnBsaXN0MDDUAQIDBAUGJCVYJHZlcnNpb25YJG9iamVjdHNZJGFyY2hpdmVyVCR0b3ASAAGGoKgHCBMUFRYaIVUkbnVsbNMJCgsMDxJXTlMua2V5c1pOUy5vYmplY3RzViRjbGFzc6INDoACgAOiEBGABIAFgAdccmVsYXRpdmVQYXRoWWFsaWFzRGF0YVYxMy5wZGbSFwsYGVdOUy5kYXRhTxECAgAAAAACAgACAAAMTWFjaW50b3NoIEhEAAAAAAAAAAAAAAAAAAAA0VMv3EgrAAAAolj4BjEzLnBkZgAAAAAAAAAAAAAAAAAAAAAAAAAAAAAAAAAAAAAAAAAAAAAAAAAAAAAAAAAAAAAAAAAAAAAAAAAAAADDI/HTjgXjAAAAAAAAAAAAAQACAAAJIAAAAAAAAAAAAAAAAAAAAAZQYXBlcnMAEAAIAADRUyHMAAAAEQAIAADTjffTAAAAAQAkAKJY+ACA6FwAgOgJABIyzQASMsgAEjKpAAmKHgAJih0AApg3AAIAd01hY2ludG9zaCBIRDpVc2VyczoAZ2VvcmdlY2hhcG1hbjoARG9jdW1lbnRzOgBPbmVEcml2ZToARG9jdW1lbnRzOgBVbml2ZXJzaXR5OgBZZWFyIDQ6AE1hc3RlcnMgUHJvamVjdHM6AFBhcGVyczoAMTMucGRmAAAOAA4ABgAxADMALgBwAGQAZgAPABoADABNAGEAYwBpAG4AdABvAHMAaAAgAEgARAASAGFVc2Vycy9nZW9yZ2VjaGFwbWFuL0RvY3VtZW50cy9PbmVEcml2ZS9Eb2N1bWVudHMvVW5pdmVyc2l0eS9ZZWFyIDQvTWFzdGVycyBQcm9qZWN0cy9QYXBlcnMvMTMucGRmAAATAAEvAAAVAAIAFP//AACABtIbHB0eWiRjbGFzc25hbWVYJGNsYXNzZXNdTlNNdXRhYmxlRGF0YaMdHyBWTlNEYXRhWE5TT2JqZWN00hscIiNcTlNEaWN0aW9uYXJ5oiIgXxAPTlNLZXllZEFyY2hpdmVy0SYnVHJvb3SAAQAIABEAGgAjAC0AMgA3AEAARgBNAFUAYABnAGoAbABuAHEAcwB1AHcAhACOAJUAmgCiAqgCqgKvAroCwwLRAtUC3ALlAuoC9wL6AwwDDwMUAAAAAAAAAgEAAAAAAAAAKAAAAAAAAAAAAAAAAAAAAxY=},
	Bdsk-Url-1 = {http://0-link.aps.org.lib.exeter.ac.uk/doi/10.1103/PhysRevLett.79.2670},
	Bdsk-Url-2 = {http://dx.doi.org/10.1103/PhysRevLett.79.2670}}

@article{14,
	Abstract = {Photosynthesis makes use of sunlight to convert carbon dioxide into useful biomass and is vital for life on Earth. Crucial components for the photosynthetic process are antenna proteins, which absorb light and transmit the resultant excitation energy between molecules to a reaction centre. The efficiency of these electronic energy transfers has inspired much work on antenna proteins isolated from photosynthetic organisms to uncover the basic mechanisms at play. Intriguingly, recent work has documented that light-absorbing molecules in some photosynthetic proteins capture and transfer energy according to quantum-mechanical probability laws instead of classical laws at temperatures up to 180 K. This contrasts with the long-held view that long-range quantum coherence between molecules cannot be sustained in complex biological systems, even at low temperatures. Here we present two-dimensional photon echo spectroscopy measurements on two evolutionarily related light-harvesting proteins iso},
	Author = {Collini, Elisabetta and Wong, Cathy Y. and Wilk, Krystyna E. and Curmi, Paul M. G. and Brumer, Paul and Scholes, Gregory D.},
	Issn = {00280836},
	Journal = {Nature},
	Keywords = {PHOTOSYNTHESIS, ALGAE, PHOTOBIOLOGY, MARINE phytoplankton, OXIDATION-reduction reaction, ELECTRONIC excitation, EXCITON theory, PHOTOSYNTHETIC reaction centers, BIOLOGICAL control systems, QUANTUM theory, PHOTOSYNTHETIC reaction centers in algae},
	Number = {7281},
	Pages = {644 - 647},
	Title = {Coherently wired light-harvesting in photosynthetic marine algae at ambient temperature.},
	Url = {http://0-search.ebscohost.com.lib.exeter.ac.uk/login.aspx?direct=true&db=pbh&AN=47864485&site=ehost-live},
	Volume = {463},
	Year = {2010},
	Bdsk-File-1 = {YnBsaXN0MDDUAQIDBAUGJCVYJHZlcnNpb25YJG9iamVjdHNZJGFyY2hpdmVyVCR0b3ASAAGGoKgHCBMUFRYaIVUkbnVsbNMJCgsMDxJXTlMua2V5c1pOUy5vYmplY3RzViRjbGFzc6INDoACgAOiEBGABIAFgAdccmVsYXRpdmVQYXRoWWFsaWFzRGF0YVYxNC5wZGbSFwsYGVdOUy5kYXRhTxECAgAAAAACAgACAAAMTWFjaW50b3NoIEhEAAAAAAAAAAAAAAAAAAAA0VMv3EgrAAAAolj4BjE0LnBkZgAAAAAAAAAAAAAAAAAAAAAAAAAAAAAAAAAAAAAAAAAAAAAAAAAAAAAAAAAAAAAAAAAAAAAAAAAAAADEGCTTkxXkAAAAAAAAAAAAAQACAAAJIAAAAAAAAAAAAAAAAAAAAAZQYXBlcnMAEAAIAADRUyHMAAAAEQAIAADTkwfUAAAAAQAkAKJY+ACA6FwAgOgJABIyzQASMsgAEjKpAAmKHgAJih0AApg3AAIAd01hY2ludG9zaCBIRDpVc2VyczoAZ2VvcmdlY2hhcG1hbjoARG9jdW1lbnRzOgBPbmVEcml2ZToARG9jdW1lbnRzOgBVbml2ZXJzaXR5OgBZZWFyIDQ6AE1hc3RlcnMgUHJvamVjdHM6AFBhcGVyczoAMTQucGRmAAAOAA4ABgAxADQALgBwAGQAZgAPABoADABNAGEAYwBpAG4AdABvAHMAaAAgAEgARAASAGFVc2Vycy9nZW9yZ2VjaGFwbWFuL0RvY3VtZW50cy9PbmVEcml2ZS9Eb2N1bWVudHMvVW5pdmVyc2l0eS9ZZWFyIDQvTWFzdGVycyBQcm9qZWN0cy9QYXBlcnMvMTQucGRmAAATAAEvAAAVAAIAFP//AACABtIbHB0eWiRjbGFzc25hbWVYJGNsYXNzZXNdTlNNdXRhYmxlRGF0YaMdHyBWTlNEYXRhWE5TT2JqZWN00hscIiNcTlNEaWN0aW9uYXJ5oiIgXxAPTlNLZXllZEFyY2hpdmVy0SYnVHJvb3SAAQAIABEAGgAjAC0AMgA3AEAARgBNAFUAYABnAGoAbABuAHEAcwB1AHcAhACOAJUAmgCiAqgCqgKvAroCwwLRAtUC3ALlAuoC9wL6AwwDDwMUAAAAAAAAAgEAAAAAAAAAKAAAAAAAAAAAAAAAAAAAAxY=},
	Bdsk-Url-1 = {http://0-search.ebscohost.com.lib.exeter.ac.uk/login.aspx?direct=true&db=pbh&AN=47864485&site=ehost-live}}

@article{15,
	Author = {Wright, P. H. and Saylor, J. R.},
	Doi = {http://dx.doi.org/10.1063/1.1602936},
	Journal = {Review of Scientific Instruments},
	Number = {9},
	Pages = {4063-4070},
	Title = {Patterning of particulate films using Faraday waves},
	Url = {http://scitation.aip.org/content/aip/journal/rsi/74/9/10.1063/1.1602936},
	Volume = {74},
	Year = {2003},
	Bdsk-File-1 = {YnBsaXN0MDDUAQIDBAUGJCVYJHZlcnNpb25YJG9iamVjdHNZJGFyY2hpdmVyVCR0b3ASAAGGoKgHCBMUFRYaIVUkbnVsbNMJCgsMDxJXTlMua2V5c1pOUy5vYmplY3RzViRjbGFzc6INDoACgAOiEBGABIAFgAdccmVsYXRpdmVQYXRoWWFsaWFzRGF0YVYxNS5wZGbSFwsYGVdOUy5kYXRhTxECAgAAAAACAgACAAAMTWFjaW50b3NoIEhEAAAAAAAAAAAAAAAAAAAA0VMv3EgrAAAAolj4BjE1LnBkZgAAAAAAAAAAAAAAAAAAAAAAAAAAAAAAAAAAAAAAAAAAAAAAAAAAAAAAAAAAAAAAAAAAAAAAAAAAAADEJzHTkyUsAAAAAAAAAAAAAQACAAAJIAAAAAAAAAAAAAAAAAAAAAZQYXBlcnMAEAAIAADRUyHMAAAAEQAIAADTkxccAAAAAQAkAKJY+ACA6FwAgOgJABIyzQASMsgAEjKpAAmKHgAJih0AApg3AAIAd01hY2ludG9zaCBIRDpVc2VyczoAZ2VvcmdlY2hhcG1hbjoARG9jdW1lbnRzOgBPbmVEcml2ZToARG9jdW1lbnRzOgBVbml2ZXJzaXR5OgBZZWFyIDQ6AE1hc3RlcnMgUHJvamVjdHM6AFBhcGVyczoAMTUucGRmAAAOAA4ABgAxADUALgBwAGQAZgAPABoADABNAGEAYwBpAG4AdABvAHMAaAAgAEgARAASAGFVc2Vycy9nZW9yZ2VjaGFwbWFuL0RvY3VtZW50cy9PbmVEcml2ZS9Eb2N1bWVudHMvVW5pdmVyc2l0eS9ZZWFyIDQvTWFzdGVycyBQcm9qZWN0cy9QYXBlcnMvMTUucGRmAAATAAEvAAAVAAIAFP//AACABtIbHB0eWiRjbGFzc25hbWVYJGNsYXNzZXNdTlNNdXRhYmxlRGF0YaMdHyBWTlNEYXRhWE5TT2JqZWN00hscIiNcTlNEaWN0aW9uYXJ5oiIgXxAPTlNLZXllZEFyY2hpdmVy0SYnVHJvb3SAAQAIABEAGgAjAC0AMgA3AEAARgBNAFUAYABnAGoAbABuAHEAcwB1AHcAhACOAJUAmgCiAqgCqgKvAroCwwLRAtUC3ALlAuoC9wL6AwwDDwMUAAAAAAAAAgEAAAAAAAAAKAAAAAAAAAAAAAAAAAAAAxY=},
	Bdsk-Url-1 = {http://scitation.aip.org/content/aip/journal/rsi/74/9/10.1063/1.1602936},
	Bdsk-Url-2 = {http://dx.doi.org/10.1063/1.1602936}}

@article{16,
	Author = {Edwards,W. S. and Fauve,S.},
	Doi = {10.1017/S0022112094003642},
	Issn = {1469-7645},
	Journal = {Journal of Fluid Mechanics},
	Month = {11},
	Numpages = {26},
	Pages = {123--148},
	Title = {Patterns and quasi-patterns in the Faraday experiment},
	Url = {http://0-journals.cambridge.org.lib.exeter.ac.uk/article_S0022112094003642},
	Volume = {278},
	Year = {1994},
	Bdsk-File-1 = {YnBsaXN0MDDUAQIDBAUGJCVYJHZlcnNpb25YJG9iamVjdHNZJGFyY2hpdmVyVCR0b3ASAAGGoKgHCBMUFRYaIVUkbnVsbNMJCgsMDxJXTlMua2V5c1pOUy5vYmplY3RzViRjbGFzc6INDoACgAOiEBGABIAFgAdccmVsYXRpdmVQYXRoWWFsaWFzRGF0YVYxNi5wZGbSFwsYGVdOUy5kYXRhTxECAgAAAAACAgACAAAMTWFjaW50b3NoIEhEAAAAAAAAAAAAAAAAAAAA0VMv3EgrAAAAolj4BjE2LnBkZgAAAAAAAAAAAAAAAAAAAAAAAAAAAAAAAAAAAAAAAAAAAAAAAAAAAAAAAAAAAAAAAAAAAAAAAAAAAADGnITTlGl2AAAAAAAAAAAAAQACAAAJIAAAAAAAAAAAAAAAAAAAAAZQYXBlcnMAEAAIAADRUyHMAAAAEQAIAADTlFtmAAAAAQAkAKJY+ACA6FwAgOgJABIyzQASMsgAEjKpAAmKHgAJih0AApg3AAIAd01hY2ludG9zaCBIRDpVc2VyczoAZ2VvcmdlY2hhcG1hbjoARG9jdW1lbnRzOgBPbmVEcml2ZToARG9jdW1lbnRzOgBVbml2ZXJzaXR5OgBZZWFyIDQ6AE1hc3RlcnMgUHJvamVjdHM6AFBhcGVyczoAMTYucGRmAAAOAA4ABgAxADYALgBwAGQAZgAPABoADABNAGEAYwBpAG4AdABvAHMAaAAgAEgARAASAGFVc2Vycy9nZW9yZ2VjaGFwbWFuL0RvY3VtZW50cy9PbmVEcml2ZS9Eb2N1bWVudHMvVW5pdmVyc2l0eS9ZZWFyIDQvTWFzdGVycyBQcm9qZWN0cy9QYXBlcnMvMTYucGRmAAATAAEvAAAVAAIAFP//AACABtIbHB0eWiRjbGFzc25hbWVYJGNsYXNzZXNdTlNNdXRhYmxlRGF0YaMdHyBWTlNEYXRhWE5TT2JqZWN00hscIiNcTlNEaWN0aW9uYXJ5oiIgXxAPTlNLZXllZEFyY2hpdmVy0SYnVHJvb3SAAQAIABEAGgAjAC0AMgA3AEAARgBNAFUAYABnAGoAbABuAHEAcwB1AHcAhACOAJUAmgCiAqgCqgKvAroCwwLRAtUC3ALlAuoC9wL6AwwDDwMUAAAAAAAAAgEAAAAAAAAAKAAAAAAAAAAAAAAAAAAAAxY=},
	Bdsk-Url-1 = {http://0-journals.cambridge.org.lib.exeter.ac.uk/article_S0022112094003642},
	Bdsk-Url-2 = {http://dx.doi.org/10.1017/S0022112094003642}}

@article{17,
	Author = {Bohm, David},
	Date-Modified = {2016-07-26 17:42:21 +0000},
	Doi = {10.1103/PhysRev.85.166},
	Issue = {2},
	Journal = {Phys. Rev.},
	Month = {Jan},
	Numpages = {0},
	Pages = {166--179},
	Publisher = {American Physical Society},
	Title = {A Suggested Interpretation of the Quantum Theory in Terms of `Hidden' Variables. I},
	Url = {http://link.aps.org/doi/10.1103/PhysRev.85.166},
	Volume = {85},
	Year = {1952},
	Bdsk-File-1 = {YnBsaXN0MDDUAQIDBAUGJCVYJHZlcnNpb25YJG9iamVjdHNZJGFyY2hpdmVyVCR0b3ASAAGGoKgHCBMUFRYaIVUkbnVsbNMJCgsMDxJXTlMua2V5c1pOUy5vYmplY3RzViRjbGFzc6INDoACgAOiEBGABIAFgAdccmVsYXRpdmVQYXRoWWFsaWFzRGF0YVYxNy5wZGbSFwsYGVdOUy5kYXRhTxECAgAAAAACAgACAAAMTWFjaW50b3NoIEhEAAAAAAAAAAAAAAAAAAAA0VMv3EgrAAAAolj4BjE3LnBkZgAAAAAAAAAAAAAAAAAAAAAAAAAAAAAAAAAAAAAAAAAAAAAAAAAAAAAAAAAAAAAAAAAAAAAAAAAAAADE4ojTlYNXAAAAAAAAAAAAAQACAAAJIAAAAAAAAAAAAAAAAAAAAAZQYXBlcnMAEAAIAADRUyHMAAAAEQAIAADTlXVHAAAAAQAkAKJY+ACA6FwAgOgJABIyzQASMsgAEjKpAAmKHgAJih0AApg3AAIAd01hY2ludG9zaCBIRDpVc2VyczoAZ2VvcmdlY2hhcG1hbjoARG9jdW1lbnRzOgBPbmVEcml2ZToARG9jdW1lbnRzOgBVbml2ZXJzaXR5OgBZZWFyIDQ6AE1hc3RlcnMgUHJvamVjdHM6AFBhcGVyczoAMTcucGRmAAAOAA4ABgAxADcALgBwAGQAZgAPABoADABNAGEAYwBpAG4AdABvAHMAaAAgAEgARAASAGFVc2Vycy9nZW9yZ2VjaGFwbWFuL0RvY3VtZW50cy9PbmVEcml2ZS9Eb2N1bWVudHMvVW5pdmVyc2l0eS9ZZWFyIDQvTWFzdGVycyBQcm9qZWN0cy9QYXBlcnMvMTcucGRmAAATAAEvAAAVAAIAFP//AACABtIbHB0eWiRjbGFzc25hbWVYJGNsYXNzZXNdTlNNdXRhYmxlRGF0YaMdHyBWTlNEYXRhWE5TT2JqZWN00hscIiNcTlNEaWN0aW9uYXJ5oiIgXxAPTlNLZXllZEFyY2hpdmVy0SYnVHJvb3SAAQAIABEAGgAjAC0AMgA3AEAARgBNAFUAYABnAGoAbABuAHEAcwB1AHcAhACOAJUAmgCiAqgCqgKvAroCwwLRAtUC3ALlAuoC9wL6AwwDDwMUAAAAAAAAAgEAAAAAAAAAKAAAAAAAAAAAAAAAAAAAAxY=},
	Bdsk-Url-1 = {http://link.aps.org/doi/10.1103/PhysRev.85.166},
	Bdsk-Url-2 = {http://dx.doi.org/10.1103/PhysRev.85.166}}

@article{18,
	Author = {Bush, John W. M.},
	Doi = {10.1073/pnas.1012399107},
	Eprint = {http://www.pnas.org/content/107/41/17455.full.pdf},
	Journal = {Proceedings of the National Academy of Sciences},
	Number = {41},
	Pages = {17455-17456},
	Title = {Quantum mechanics writ large},
	Url = {http://www.pnas.org/content/107/41/17455.short},
	Volume = {107},
	Year = {2010},
	Bdsk-File-1 = {YnBsaXN0MDDUAQIDBAUGJCVYJHZlcnNpb25YJG9iamVjdHNZJGFyY2hpdmVyVCR0b3ASAAGGoKgHCBMUFRYaIVUkbnVsbNMJCgsMDxJXTlMua2V5c1pOUy5vYmplY3RzViRjbGFzc6INDoACgAOiEBGABIAFgAdccmVsYXRpdmVQYXRoWWFsaWFzRGF0YVYxOC5wZGbSFwsYGVdOUy5kYXRhTxECAgAAAAACAgACAAAMTWFjaW50b3NoIEhEAAAAAAAAAAAAAAAAAAAA0VMv3EgrAAAAolj4BjE4LnBkZgAAAAAAAAAAAAAAAAAAAAAAAAAAAAAAAAAAAAAAAAAAAAAAAAAAAAAAAAAAAAAAAAAAAAAAAAAAAADGdI/ToJEaAAAAAAAAAAAAAQACAAAJIAAAAAAAAAAAAAAAAAAAAAZQYXBlcnMAEAAIAADRUyHMAAAAEQAIAADToIMKAAAAAQAkAKJY+ACA6FwAgOgJABIyzQASMsgAEjKpAAmKHgAJih0AApg3AAIAd01hY2ludG9zaCBIRDpVc2VyczoAZ2VvcmdlY2hhcG1hbjoARG9jdW1lbnRzOgBPbmVEcml2ZToARG9jdW1lbnRzOgBVbml2ZXJzaXR5OgBZZWFyIDQ6AE1hc3RlcnMgUHJvamVjdHM6AFBhcGVyczoAMTgucGRmAAAOAA4ABgAxADgALgBwAGQAZgAPABoADABNAGEAYwBpAG4AdABvAHMAaAAgAEgARAASAGFVc2Vycy9nZW9yZ2VjaGFwbWFuL0RvY3VtZW50cy9PbmVEcml2ZS9Eb2N1bWVudHMvVW5pdmVyc2l0eS9ZZWFyIDQvTWFzdGVycyBQcm9qZWN0cy9QYXBlcnMvMTgucGRmAAATAAEvAAAVAAIAFP//AACABtIbHB0eWiRjbGFzc25hbWVYJGNsYXNzZXNdTlNNdXRhYmxlRGF0YaMdHyBWTlNEYXRhWE5TT2JqZWN00hscIiNcTlNEaWN0aW9uYXJ5oiIgXxAPTlNLZXllZEFyY2hpdmVy0SYnVHJvb3SAAQAIABEAGgAjAC0AMgA3AEAARgBNAFUAYABnAGoAbABuAHEAcwB1AHcAhACOAJUAmgCiAqgCqgKvAroCwwLRAtUC3ALlAuoC9wL6AwwDDwMUAAAAAAAAAgEAAAAAAAAAKAAAAAAAAAAAAAAAAAAAAxY=},
	Bdsk-Url-1 = {http://www.pnas.org/content/107/41/17455.short},
	Bdsk-Url-2 = {http://dx.doi.org/10.1073/pnas.1012399107}}

@article{19,
	Abstract = {A vessel containing a heavy liquid vibrates vertically with constant frequency and amplitude. It has been observed that for some combinations of frequency and amplitude standing waves are formed at the free surface of the liquid, while for other combinations the free surface remains plane. In this paper the stability of the plane free surface is investigated theoretically when the vessel is a vertical cylinder with a horizontal base, and the liquid is an ideal frictionless fluid making a constant angle of contact of 90 degrees with the walls of the vessel. When the cross-section of the cylinder and the frequency and amplitude of vibration of the vessel are prescribed, the theory predicts that the mth mode will be excited when the corresponding pair of parameters (p$_{m}$, q$_{m}$) lies in an unstable region of the stability chart; the surface is stable if none of the modes is excited. (The corresponding frequencies are also shown on the chart.) The theory explains the disagreement between the experiments of Faraday and Rayleigh on the one hand, and of Matthiessen on the other. An experiment was made to check the application of the theory to a real fluid (water). The agreement was satisfactory; the small discrepancy is ascribed to wetting effects for which no theoretical estimate could be given.},
	Author = {Benjamin, T. B. and Ursell, F.},
	Doi = {10.1098/rspa.1954.0218},
	Eprint = {http://rspa.royalsocietypublishing.org/content/225/1163/505.full.pdf},
	Issn = {0080-4630},
	Journal = {Proceedings of the Royal Society of London A: Mathematical, Physical and Engineering Sciences},
	Number = {1163},
	Pages = {505--515},
	Publisher = {The Royal Society},
	Title = {The Stability of the Plane Free Surface of a Liquid in Vertical Periodic Motion},
	Url = {http://rspa.royalsocietypublishing.org/content/225/1163/505},
	Volume = {225},
	Year = {1954},
	Bdsk-File-1 = {YnBsaXN0MDDUAQIDBAUGJCVYJHZlcnNpb25YJG9iamVjdHNZJGFyY2hpdmVyVCR0b3ASAAGGoKgHCBMUFRYaIVUkbnVsbNMJCgsMDxJXTlMua2V5c1pOUy5vYmplY3RzViRjbGFzc6INDoACgAOiEBGABIAFgAdccmVsYXRpdmVQYXRoWWFsaWFzRGF0YVYxOS5wZGbSFwsYGVdOUy5kYXRhTxECAgAAAAACAgACAAAMTWFjaW50b3NoIEhEAAAAAAAAAAAAAAAAAAAA0VMv3EgrAAAAolj4BjE5LnBkZgAAAAAAAAAAAAAAAAAAAAAAAAAAAAAAAAAAAAAAAAAAAAAAAAAAAAAAAAAAAAAAAAAAAAAAAAAAAADGjK/TobdcAAAAAAAAAAAAAQACAAAJIAAAAAAAAAAAAAAAAAAAAAZQYXBlcnMAEAAIAADRUyHMAAAAEQAIAADToalMAAAAAQAkAKJY+ACA6FwAgOgJABIyzQASMsgAEjKpAAmKHgAJih0AApg3AAIAd01hY2ludG9zaCBIRDpVc2VyczoAZ2VvcmdlY2hhcG1hbjoARG9jdW1lbnRzOgBPbmVEcml2ZToARG9jdW1lbnRzOgBVbml2ZXJzaXR5OgBZZWFyIDQ6AE1hc3RlcnMgUHJvamVjdHM6AFBhcGVyczoAMTkucGRmAAAOAA4ABgAxADkALgBwAGQAZgAPABoADABNAGEAYwBpAG4AdABvAHMAaAAgAEgARAASAGFVc2Vycy9nZW9yZ2VjaGFwbWFuL0RvY3VtZW50cy9PbmVEcml2ZS9Eb2N1bWVudHMvVW5pdmVyc2l0eS9ZZWFyIDQvTWFzdGVycyBQcm9qZWN0cy9QYXBlcnMvMTkucGRmAAATAAEvAAAVAAIAFP//AACABtIbHB0eWiRjbGFzc25hbWVYJGNsYXNzZXNdTlNNdXRhYmxlRGF0YaMdHyBWTlNEYXRhWE5TT2JqZWN00hscIiNcTlNEaWN0aW9uYXJ5oiIgXxAPTlNLZXllZEFyY2hpdmVy0SYnVHJvb3SAAQAIABEAGgAjAC0AMgA3AEAARgBNAFUAYABnAGoAbABuAHEAcwB1AHcAhACOAJUAmgCiAqgCqgKvAroCwwLRAtUC3ALlAuoC9wL6AwwDDwMUAAAAAAAAAgEAAAAAAAAAKAAAAAAAAAAAAAAAAAAAAxY=},
	Bdsk-Url-1 = {http://rspa.royalsocietypublishing.org/content/225/1163/505},
	Bdsk-Url-2 = {http://dx.doi.org/10.1098/rspa.1954.0218}}

@article{21,
	Abstract = {A method for confining electrons to artificial structures at the nanometer lengthscale is presented. Surface state electrons on a copper(111) surface were confined to closed structures (corrals) defined by barriers built from iron adatoms. The barriers were assembled by individually positioning iron adatoms with the tip of a 4-kelvin scanning tunneling microscope (STM). A circular corral of radius 71.3 {\AA} was constructed in this way out of 48 iron adatoms. Tunneling spectroscopy performed inside of the corral revealed a series of discrete resonances, providing evidence for size quantization. STM images show that the corral{\textquoteright}s interior local density of states is dominated by the eigenstate density expected for an electron trapped in a round two-dimensional box.},
	Author = {Crommie, M. F. and Lutz, C. P. and Eigler, D. M.},
	Doi = {10.1126/science.262.5131.218},
	Eprint = {http://science.sciencemag.org/content/262/5131/218.full.pdf},
	Issn = {0036-8075},
	Journal = {Science},
	Number = {5131},
	Pages = {218--220},
	Publisher = {American Association for the Advancement of Science},
	Title = {Confinement of Electrons to Quantum Corrals on a Metal Surface},
	Url = {http://science.sciencemag.org/content/262/5131/218},
	Volume = {262},
	Year = {1993},
	Bdsk-File-1 = {YnBsaXN0MDDUAQIDBAUGJCVYJHZlcnNpb25YJG9iamVjdHNZJGFyY2hpdmVyVCR0b3ASAAGGoKgHCBMUFRYaIVUkbnVsbNMJCgsMDxJXTlMua2V5c1pOUy5vYmplY3RzViRjbGFzc6INDoACgAOiEBGABIAFgAdccmVsYXRpdmVQYXRoWWFsaWFzRGF0YVYyMS5wZGbSFwsYGVdOUy5kYXRhTxECAgAAAAACAgACAAAMTWFjaW50b3NoIEhEAAAAAAAAAAAAAAAAAAAA0VMv3EgrAAAAolj4BjIxLnBkZgAAAAAAAAAAAAAAAAAAAAAAAAAAAAAAAAAAAAAAAAAAAAAAAAAAAAAAAAAAAAAAAAAAAAAAAAAAAADKdR3TvqVTAAAAAAAAAAAAAQACAAAJIAAAAAAAAAAAAAAAAAAAAAZQYXBlcnMAEAAIAADRUyHMAAAAEQAIAADTvpdDAAAAAQAkAKJY+ACA6FwAgOgJABIyzQASMsgAEjKpAAmKHgAJih0AApg3AAIAd01hY2ludG9zaCBIRDpVc2VyczoAZ2VvcmdlY2hhcG1hbjoARG9jdW1lbnRzOgBPbmVEcml2ZToARG9jdW1lbnRzOgBVbml2ZXJzaXR5OgBZZWFyIDQ6AE1hc3RlcnMgUHJvamVjdHM6AFBhcGVyczoAMjEucGRmAAAOAA4ABgAyADEALgBwAGQAZgAPABoADABNAGEAYwBpAG4AdABvAHMAaAAgAEgARAASAGFVc2Vycy9nZW9yZ2VjaGFwbWFuL0RvY3VtZW50cy9PbmVEcml2ZS9Eb2N1bWVudHMvVW5pdmVyc2l0eS9ZZWFyIDQvTWFzdGVycyBQcm9qZWN0cy9QYXBlcnMvMjEucGRmAAATAAEvAAAVAAIAFP//AACABtIbHB0eWiRjbGFzc25hbWVYJGNsYXNzZXNdTlNNdXRhYmxlRGF0YaMdHyBWTlNEYXRhWE5TT2JqZWN00hscIiNcTlNEaWN0aW9uYXJ5oiIgXxAPTlNLZXllZEFyY2hpdmVy0SYnVHJvb3SAAQAIABEAGgAjAC0AMgA3AEAARgBNAFUAYABnAGoAbABuAHEAcwB1AHcAhACOAJUAmgCiAqgCqgKvAroCwwLRAtUC3ALlAuoC9wL6AwwDDwMUAAAAAAAAAgEAAAAAAAAAKAAAAAAAAAAAAAAAAAAAAxY=},
	Bdsk-Url-1 = {http://science.sciencemag.org/content/262/5131/218},
	Bdsk-Url-2 = {http://dx.doi.org/10.1126/science.262.5131.218}}
